\begin{thebibliography}{9}

\bibitem{H2016}
Niels Dalum Hansen and Christina Lioma and Kaare Molbak,
Predicting Vaccination Uptake using Web Search Queries,
in press,
2016
  Leslie Lamport,
  \emph{\LaTeX: a document preparation system},
  Addison Wesley, Massachusetts,
  2nd edition,
  1994.


\end{thebibliography}
